<record><leader>00000cas a22000007a 4500</leader><controlfield tag="001">9695847</controlfield><controlfield tag="008">830712d19241942mnuwr ne      0    0ger d</controlfield><controlfield tag="009">540</controlfield><datafield ind1=" " ind2=" " tag="010"><subfield code="a">sn 83045822 </subfield></datafield><datafield ind1=" " ind2=" " tag="040"><subfield code="a">CRL</subfield><subfield code="b">eng</subfield><subfield code="c">CRL</subfield><subfield code="d">NPW</subfield><subfield code="d">NPX</subfield><subfield code="d">NPV</subfield><subfield code="d">MN#</subfield><subfield code="d">OCL</subfield><subfield code="d">NVF</subfield><subfield code="d">OCLCQ</subfield><subfield code="d">OCLCF</subfield><subfield code="d">OCLCO</subfield></datafield><datafield ind1=" " ind2=" " tag="019"><subfield code="a">1639280</subfield><subfield code="a">501809950</subfield></datafield><datafield ind1=" " ind2=" " tag="042"><subfield code="a">msc</subfield></datafield><datafield ind1=" " ind2=" " tag="043"><subfield code="a">n-us-mn</subfield></datafield><datafield ind1=" " ind2=" " tag="052"><subfield code="a">4144</subfield><subfield code="b">W8</subfield></datafield><datafield ind1=" " ind2=" " tag="052"><subfield code="a">4143</subfield><subfield code="b">W8</subfield></datafield><datafield ind1="0" ind2=" " tag="130"><subfield code="a">America-Herold (Winona, Minn.)</subfield></datafield><datafield ind1="0" ind2="0" tag="245"><subfield code="a">America-Herold.</subfield></datafield><datafield ind1="3" ind2="0" tag="246"><subfield code="a">America Herold</subfield></datafield><datafield ind1=" " ind2=" " tag="260"><subfield code="a">Winona, Minn. :</subfield><subfield code="b">National Weeklies,</subfield><subfield code="c">1924-1942.</subfield></datafield><datafield ind1=" " ind2=" " tag="300"><subfield code="a">19 v.</subfield></datafield><datafield ind1=" " ind2=" " tag="310"><subfield code="a">Weekly</subfield></datafield><datafield ind1="0" ind2=" " tag="362"><subfield code="a">Jahrg. 52, no. 34 (2. Dez. 1924)-Jahrg. 70, Nr. 13 (17. Juni 1942).</subfield></datafield><datafield ind1=" " ind2=" " tag="530"><subfield code="a">Available on microfilm from the Minnesota Historical Society.</subfield></datafield><datafield ind1=" " ind2=" " tag="546"><subfield code="a">In German.</subfield></datafield><datafield ind1=" " ind2=" " tag="580"><subfield code="a">Local eds.: America-Herold (Winona, Minn. : Winona ed.), 2. Dez. 1924-28. Dez. 1928; America-Herold (Winona, Minn. : La Crosse ed. : 1924), 4. Dez. 1924-&lt;Dez. 1928&gt;; America-Herold (Winona, Minn. : Winona and La Crosse ed. : 1929), 4. Jan. 1929-&lt;27. Dez. 1929&gt;; America-Herold (Winona, Minn. : La Crosse ed. : 1929), 4. Dez. 1924-Dez. 1928; America-Herold (Winona, Minn. : Minneapolis ed.), 4. Dez. 1924-22. Ma&#776;rz 1929; America-Herold (Winona, Minn. : Saint Paul and Minneapolis ed.), 29. Ma&#776;rz 1929-&lt;30. Dez. 1930&gt;; America-Herold (Winona, Minn. : Winona-La Crosse-Minneapolis ed.), &lt;13. Feb. 1931&gt;-6. Nov. 1931; America-Herold (Winona, Minn. : Winona-La Crosse ed. : 1931), 13. Nov. 1931-4. Dez. 1931.</subfield></datafield><datafield ind1=" " ind2=" " tag="580"><subfield code="a">Sunday ed.: Deutsche Sonntagspost.</subfield></datafield><datafield ind1=" " ind2="0" tag="650"><subfield code="a">Germans</subfield><subfield code="z">United States</subfield><subfield code="v">Newspapers.</subfield></datafield><datafield ind1=" " ind2="0" tag="651"><subfield code="a">Winona (Minn.)</subfield><subfield code="v">Newspapers.</subfield></datafield><datafield ind1=" " ind2="7" tag="655"><subfield code="a">Newspapers.</subfield><subfield code="2">fast</subfield><subfield code="0">(OCoLC)fst01423814</subfield></datafield><datafield ind1=" " ind2="7" tag="650"><subfield code="a">Germans.</subfield><subfield code="2">fast</subfield><subfield code="0">(OCoLC)fst00942100</subfield></datafield><datafield ind1=" " ind2="7" tag="651"><subfield code="a">Minnesota</subfield><subfield code="z">Winona.</subfield><subfield code="2">fast</subfield><subfield code="0">(OCoLC)fst01202921</subfield></datafield><datafield ind1=" " ind2="7" tag="651"><subfield code="a">United States.</subfield><subfield code="2">fast</subfield><subfield code="0">(OCoLC)fst01204155</subfield></datafield><datafield ind1=" " ind2=" " tag="752"><subfield code="a">United States</subfield><subfield code="b">Minnesota</subfield><subfield code="c">Winona</subfield><subfield code="d">Winona.</subfield></datafield><datafield ind1="1" ind2=" " tag="775"><subfield code="t">America-Herold (Winona, Minn. : Winona ed.)</subfield><subfield code="w">(DLC)sn 90060809</subfield></datafield><datafield ind1="1" ind2=" " tag="775"><subfield code="t">America-Herold (Winona, Minn. : La Crosse ed.)</subfield><subfield code="w">(DLC)sn 8686900</subfield></datafield><datafield ind1="1" ind2=" " tag="775"><subfield code="t">America-Herold (Winona, Minn. : Winona and La Crosse ed. : 1929)</subfield><subfield code="w">(DLC)sn 86086903</subfield></datafield><datafield ind1="1" ind2=" " tag="775"><subfield code="t">America-Herold (Winona, Minn. : Minneapolis ed.)</subfield><subfield code="w">(DLC)sn 86086895</subfield></datafield><datafield ind1="1" ind2=" " tag="775"><subfield code="t">America-Herold (Winona, Minn. : Saint Paul and Minneapolis ed.)</subfield><subfield code="w">(DLC)sn 90060623</subfield></datafield><datafield ind1="1" ind2=" " tag="775"><subfield code="t">America-Herold (Winona, Minn. : Winona-La Crosse-Minneapolis ed.)</subfield><subfield code="w">(DLC)sn 86086902</subfield></datafield><datafield ind1="1" ind2=" " tag="775"><subfield code="t">America-Herold (Winona, Minn. : Winona-La Crosse ed. : 1931)</subfield><subfield code="w">(DLC)sn 90060843</subfield></datafield><datafield ind1="1" ind2=" " tag="775"><subfield code="t">Duetsche Sonntagspost</subfield><subfield code="w">(DLC)sn 83025334</subfield></datafield><datafield ind1="0" ind2="4" tag="780"><subfield code="t">Milwaukee America (Milwaukee, Wis. : 1918)</subfield><subfield code="w">(DLC)sn 86086263</subfield></datafield><datafield ind1="0" ind2="4" tag="780"><subfield code="t">Westlicher Herold</subfield><subfield code="w">(DLC)sn 83045798</subfield></datafield><datafield ind1="0" ind2="7" tag="785"><subfield code="t">Lincoln freie Presse</subfield><subfield code="w">(DLC)sn 83045819</subfield></datafield><datafield ind1="0" ind2="7" tag="785"><subfield code="t">America-Herold und Lincoln freie Presse</subfield><subfield code="w">(DLC)sn 83025291</subfield></datafield></record>